@article{barfoot_tro14,
	Author = {Timothy D Barfoot and Paul T Furgale},
	Doi = {10.1109/TRO.2014.2298059},
	Journal = {IEEE Transactions on Robotics},
	Note = {},
	Title = {Associating Uncertainty with Three-Dimensional Poses for use in Estimation Problems},
	Year = {2014}
}
